<?xml version="1.0" encoding="UTF-8"?>
<SOAP-ENV:Envelope xmlns:SOAP-ENV="http://schemas.xmlsoap.org/soap/envelope/" xmlns:of="http://oss.dbc.dk/ns/openformat" xmlns:ofo="http://oss.dbc.dk/ns/openformatoutput"><SOAP-ENV:Body><of:formatResponse><marc:record xmlns:marc="http://www.loc.gov/MARC21/slim"><leader>00000naa a22000000c 4500</leader><controlfield tag="001">870971:34903743</controlfield><controlfield tag="003">DKDLA</controlfield><controlfield tag="005">20111125192147.0</controlfield><controlfield tag="007">cr||||</controlfield><controlfield tag="007">t|</controlfield><controlfield tag="008">111125s2011    dk |||||| ||| 00||udan||</controlfield><datafield ind1=" " ind2="0" tag="245"><subfield code="a">Hjemmefødslser på et oplyst grundlag</subfield><subfield code="a">Ole og ketchupeffekten</subfield><subfield code="a">Hellere blive hjemme end føde ambulant</subfield></datafield><datafield ind1=" " ind2=" " tag="300"><subfield code="a">S. 6-10</subfield></datafield><datafield ind1=" " ind2=" " tag="490"><subfield code="a">Hjemmesfødsler</subfield></datafield><datafield ind1="1" ind2=" " tag="700"><subfield code="a">Mikkelsen, Conny</subfield></datafield><datafield ind1=" " ind2=" " tag="856"><subfield code="z">Findes også på internettet </subfield><subfield code="u">http://www.jordemoderforeningen.dk/tidsskrift-for-jordemoedre/singlevisning/artikel/hjemmefoedsler-paa-et-oplyst-grundlag/ </subfield><subfield code="z">Findes også på internettet </subfield><subfield code="u">http://www.jordemoderforeningen.dk/tidsskrift-for-jordemoedre/singlevisning/artikel/ole-og-ketchupeffekten/ </subfield><subfield code="z">Findes også på internettet </subfield><subfield code="u">http://www.jordemoderforeningen.dk/tidsskrift-for-jordemoedre/singlevisning/artikel/hellere-blive-hjemme-end-foede-ambulant/</subfield></datafield></marc:record></of:formatResponse></SOAP-ENV:Body></SOAP-ENV:Envelope>
